<?xml version="1.0" encoding="UTF-8"?><collection xmlns="http://www.loc.gov/MARC21/slim"><record><leader>00437nam--2200133-i-4500</leader><controlfield tag="001">000027459</controlfield><controlfield tag="002">20161230</controlfield><controlfield tag="005">20161230201036</controlfield><controlfield tag="008">060222s1000------------r-----000-0-eng-d</controlfield><datafield ind1=" " ind2=" " tag="080"><subfield code="a">51:62</subfield></datafield><datafield ind1=" " ind2=" " tag="100"><subfield code="a">Korn, Granino A. And Korn, Theresa M</subfield></datafield><datafield ind1=" " ind2=" " tag="245"><subfield code="a">Mathematical handbook for scientists and engineers. definitions, theorems and formulas for reference and review</subfield></datafield><datafield ind1=" " ind2=" " tag="260"><subfield code="a">New York, Mcgraw-hill Book Co.Inc.,1961. P.Dif</subfield></datafield><datafield ind1=" " ind2=" " tag="852"><subfield code="a">17120</subfield></datafield></record></collection>